<?xml version="1.0" encoding="UTF-8"?><collection xmlns="http://www.loc.gov/MARC21/slim"><record><leader>00623nam--2200205-i-4500</leader><controlfield tag="001">000019329</controlfield><controlfield tag="002">20161230</controlfield><controlfield tag="005">20161230201033</controlfield><controlfield tag="008">060222s1000------------r-----000-0-rus-d</controlfield><datafield ind1=" " ind2=" " tag="040"><subfield code="a">IFIN-HH</subfield></datafield><datafield ind1=" " ind2=" " tag="041"><subfield code="a">rus</subfield></datafield><datafield ind1=" " ind2=" " tag="080"><subfield code="a">621.383.292</subfield></datafield><datafield ind1="1" ind2=" " tag="100"><subfield code="a">Hartmann, Werner</subfield></datafield><datafield ind1="1" ind2="0" tag="245"><subfield code="a">Fotoelektronnie umnojiteli</subfield><subfield code="c">Werner hartmann, fritz bernhard</subfield></datafield><datafield ind1=" " ind2=" " tag="260"><subfield code="a">Moskva</subfield><subfield code="b">Energeticeskoe Izdatelstvo</subfield><subfield code="c">1961</subfield></datafield><datafield ind1=" " ind2=" " tag="300"><subfield code="a">208P</subfield></datafield><datafield ind1=" " ind2=" " tag="500"><subfield code="a">Titlul Original In Limba Germana: Fotovervielfacher Und Ihre Anwendung In Der Kernphysik</subfield></datafield><datafield ind1="1" ind2=" " tag="700"><subfield code="a">Bernhard, Fritz</subfield></datafield><datafield ind1=" " ind2=" " tag="852"><subfield code="a">3037</subfield><subfield code="c">537.1.07:539.1.08</subfield></datafield><datafield ind1=" " ind2=" " tag="CAT"><subfield code="a">Sys</subfield><subfield code="c">20111014</subfield><subfield code="h">133650</subfield></datafield></record></collection>